<?xml version="1.0" encoding="UTF-8" ?>
<collection xmlns:xsi="http://www.w3.org/2001/XMLSchema-instance"
    xsi:schemaLocation="http://www.loc.gov/MARC21/slim
        http://www.loc.gov/standards/marcxml/schema/MARC21slim.xsd"
    xmlns="http://www.loc.gov/MARC21/slim">
<record>
  <leader>00247cam a2200469 ia4500</leader>
  <controlfield tag="001">b12334455</controlfield>
  <controlfield tag="003">LeBAU</controlfield>
  <controlfield tag="005">20140214</controlfield>
  <controlfield tag="008">970203s1948    ua       b    ||0 0 ara d</controlfield>
  <datafield tag="035" ind1=" " ind2=" ">
    <subfield code="a">ocm85060703 </subfield>
  </datafield>
  <datafield tag="040" ind1=" " ind2=" ">
    <subfield code="a">LEAUB</subfield>
    <subfield code="b">ara</subfield>
    <subfield code="e">rda</subfield>
    <subfield code="c">LEAUB</subfield>
    <subfield code="d">LEAUB</subfield>
  </datafield>
  <datafield tag="082" ind1="0" ind2="4">
    <subfield code="a">297.08</subfield>
    <subfield code="2">20</subfield>
  </datafield>
  <datafield tag="100" ind1="0" ind2=" ">
    <subfield code="6">880-01</subfield>
    <subfield code="a">Abū Dāʼūd Sulaymān ibn al-Ashʻath al-Sijistānī,</subfield>
    <subfield code="d">817 or 818-889,</subfield>
    <subfield code="e">author.</subfield>
  </datafield>
  <datafield tag="245" ind1="1" ind2="0">
    <subfield code="6">880-02</subfield>
    <subfield code="a">Mukhtaṣar sunan Abī Dāwūd /</subfield>
    <subfield code="c">lil-Ḥāfiẓ al-Mundhirī. wa-Ma‘ālim al-Sunan / li-Abī Sulaymān al-Khaṭṭābī. wa-Tahdhīb al-Imām ibn Qayyim al-Jawzīyah / taḥqīq Aḥmad Muḥammad Shākir wa-Muḥammad Ḥāmid al-Fiqī.</subfield>
  </datafield>
  <datafield tag="264" ind1=" " ind2="1">
    <subfield code="6">880-03</subfield>
    <subfield code="a">[Miṣr] :</subfield>
    <subfield code="b">Maṭba‘at Anṣār al-Sunnah al-Muḥammadīyah,</subfield>
    <subfield code="c">1367 H. = 1948 M.</subfield>
  </datafield>
  <datafield tag="300" ind1=" " ind2=" ">
    <subfield code="6">880-04</subfield>
    <subfield code="a">2 volumes ;</subfield>
    <subfield code="c">25 cm</subfield>
  </datafield>
  <datafield tag="336" ind1=" " ind2=" ">
    <subfield code="a">text</subfield>
    <subfield code="b">txt</subfield>
    <subfield code="2">rdacontent</subfield>
  </datafield>
  <datafield tag="337" ind1=" " ind2=" ">
    <subfield code="a">unmediated</subfield>
    <subfield code="b">n</subfield>
    <subfield code="2">rdamedia</subfield>
  </datafield>
  <datafield tag="338" ind1=" " ind2=" ">
    <subfield code="a">volume</subfield>
    <subfield code="b">nc</subfield>
    <subfield code="2">rdacarrier</subfield>
  </datafield>
  <datafield tag="504" ind1=" " ind2=" ">
    <subfield code="a">يتضمن مراجع ببليوغرافية.</subfield>
  </datafield>
  <datafield tag="650" ind1=" " ind2="4">
    <subfield code="a">الحديث</subfield>
    <subfield code="v">اعمال قديمة حتى 1800.</subfield>
  </datafield>
  <datafield tag="650" ind1=" " ind2="4">
    <subfield code="a">الحديث</subfield>
    <subfield code="x">نصوص</subfield>
    <subfield code="v">اعمال قديمة حتى 1800.</subfield>
  </datafield>
  <datafield tag="650" ind1=" " ind2="0">
    <subfield code="a">Hadith</subfield>
    <subfield code="v">Early works to 1800.</subfield>
  </datafield>
  <datafield tag="650" ind1=" " ind2="0">
    <subfield code="a">Hadith</subfield>
    <subfield code="v">Texts</subfield>
    <subfield code="v">Early works to 1800.</subfield>
  </datafield>
  <datafield tag="700" ind1="1" ind2="2">
    <subfield code="6">880-05</subfield>
    <subfield code="a">Khaṭṭābī, Ḥamd ibn Muḥammad,</subfield>
    <subfield code="d">931-996.</subfield>
    <subfield code="t">Ma‘ālim al-Sunan.</subfield>
  </datafield>
  <datafield tag="700" ind1="1" ind2="2">
    <subfield code="6">880-06</subfield>
    <subfield code="a">Ibn Qayyim al-Jawzīyah, Muḥammad ibn Abī Bakr,</subfield>
    <subfield code="d">1292-1350.</subfield>
    <subfield code="t">Tahdhīb.</subfield>
  </datafield>
  <datafield tag="700" ind1="1" ind2=" ">
    <subfield code="6">880-07</subfield>
    <subfield code="a">Shākir, Aḥmad Muḥammad,</subfield>
    <subfield code="e">annotator.</subfield>
  </datafield>
  <datafield tag="700" ind1="1" ind2=" ">
    <subfield code="6">880-08</subfield>
    <subfield code="a">Fiqī, Muḥammad Ḥāmid,</subfield>
    <subfield code="e">annotator.</subfield>
  </datafield>
  <datafield tag="852" ind1=" " ind2=" ">
    <subfield code="a">Jafet Library</subfield>
    <subfield code="e">American University of Beirut, Bliss Street , Beirut, Lebanon.</subfield>
  </datafield>
  <datafield tag="880" ind1="0" ind2=" ">
    <subfield code="6">100-01/(3/r</subfield>
    <subfield code="a">ابو داود سليمان بن الاشعث السجستاني،</subfield>
    <subfield code="d">817 او 818-889،</subfield>
    <subfield code="e">مؤلف. </subfield>
    <subfield code="4">aut.</subfield>
  </datafield>
  <datafield tag="880" ind1="1" ind2="0">
    <subfield code="6">245-02/(3/r</subfield>
    <subfield code="a">مختصر سنن أبي داود /</subfield>
    <subfield code="c">للحافظ المنذري. ومعالم السنن / لأبي سليمان الخطابي. وتهذيب الإمام إبن قيم الجوزية / تحقيق أحمد محمد شاكر ومحمد حامد الفقي</subfield>
  </datafield>
  <datafield tag="880" ind1=" " ind2="1">
    <subfield code="6">264-03/(3/r</subfield>
    <subfield code="a">[مصر] :</subfield>
    <subfield code="b">مطبعة أنصار السنة المحمدية،</subfield>
    <subfield code="c">1367 هـ. = 1948 م.</subfield>
  </datafield>
  <datafield tag="880" ind1=" " ind2=" ">
    <subfield code="6">300-04/(3/r</subfield>
    <subfield code="a">2 جزء ؛</subfield>
    <subfield code="c">25 سم</subfield>
  </datafield>
  <datafield tag="880" ind1="1" ind2="2">
    <subfield code="6">700-05/(3/r</subfield>
    <subfield code="a">الخطابي، حمد بن محمد،</subfield>
    <subfield code="d">931-996.</subfield>
    <subfield code="t">معالم السنن.</subfield>
  </datafield>
  <datafield tag="880" ind1="1" ind2="2">
    <subfield code="6">700-06/(3/r</subfield>
    <subfield code="a">ابن قيم الجوزية، محمد بن ابي بكر،</subfield>
    <subfield code="d">1292-1350.</subfield>
    <subfield code="t">التهذيب.</subfield>
  </datafield>
  <datafield tag="880" ind1="1" ind2=" ">
    <subfield code="6">700-07/(3/r</subfield>
    <subfield code="a">شاكر، احمد محمد،</subfield>
    <subfield code="e">محقق. </subfield>
    <subfield code="4">ann.</subfield>
  </datafield>
  <datafield tag="880" ind1="1" ind2=" ">
    <subfield code="6">700-08/(3/r</subfield>
    <subfield code="a">الفقي، محمد حامد،</subfield>
    <subfield code="e">محقق. </subfield>
    <subfield code="4">ann.</subfield>
  </datafield>
  <datafield tag="907" ind1=" " ind2=" ">
    <subfield code="a">.b12334455</subfield>
    <subfield code="b">16-09-15</subfield>
    <subfield code="c">11-05-24</subfield>
  </datafield>
  <datafield tag="907" ind1=" " ind2=" ">
    <subfield code="a">.b12334455</subfield>
    <subfield code="b">15-10-15</subfield>
    <subfield code="c">11-05-24</subfield>
  </datafield>
  <datafield tag="945" ind1=" " ind2=" ">
    <subfield code="f">J</subfield>
    <subfield code="a">297.08:A161mA:v.1:c.1</subfield>
    <subfield code="g">1</subfield>
    <subfield code="i">01003398</subfield>
    <subfield code="j">.i12767505</subfield>
    <subfield code="l">u0503</subfield>
  </datafield>
  <datafield tag="945" ind1=" " ind2=" ">
    <subfield code="f">J</subfield>
    <subfield code="a">297.08:A161mA:v.2:c.1</subfield>
    <subfield code="g">1</subfield>
    <subfield code="i">01003396</subfield>
    <subfield code="j">.i12767517</subfield>
    <subfield code="l">u0503</subfield>
  </datafield>
  <datafield tag="998" ind1=" " ind2=" ">
    <subfield code="a">u05</subfield>
    <subfield code="b">97-02-03</subfield>
    <subfield code="c">m</subfield>
    <subfield code="d">a</subfield>
    <subfield code="e">-</subfield>
    <subfield code="f">ara</subfield>
    <subfield code="g">ua </subfield>
    <subfield code="h">0</subfield>
    <subfield code="i">2</subfield>
  </datafield>
</record>
</collection>
